
@Article{SanJan2004a,
 author =       {Ingo Sander and Axel Jantsch},
 title =        {System Modeling and Transformational Design Refinement in {ForSyDe}},
 journal =      {{IEEE Transactions on Computer-Aided Design of Integrated Circuits and Systems}},
 year =         {2004},
 OPTkey =       {},
 volume =       {23},
 number =       {1},
 pages =        {17--32},
 month =        {January},
 OPTnote =      {},
 OPTannote =    {},
 where =        {E.21},
 OPTURL =       {http://www.imit.kth.se/~ingo/Papers/TCAD2004_SystemModeling.pdf}
}

@InProceedings{BjeCla1998,
 author =       {Per Bjesse and Koen Claessen and Mary Sheeran and Satnam Singh},
 title =        {Lava: Hardware Design in {Haskell}},
 booktitle =    {International Conference on Functional Programming},
 OPTcrossref =  {},
 OPTkey =       {},
 pages =        {174--184},
 year =         {1998},
 OPTeditor =    {},
 OPTvolume =    {},
 OPTnumber =    {},
 OPTseries =    {},
 address =      {Baltimore, Maryland, USA},
 month =        {September},
 OPTorganization = {},
 OPTpublisher = {},
 OPTnote =      {},
 OPTannote =    {}
}

