
@Article{SanJan2004a,
 author =       {Ingo Sander and Axel Jantsch},
 title =        {System Modeling and Transformational Design Refinement in {ForSyDe}},
 journal =      {{IEEE Transactions on Computer-Aided Design of Integrated Circuits and Systems}},
 year =         {2004},
 OPTkey =       {},
 volume =       {23},
 number =       {1},
 pages =        {17--32},
 month =        {January},
 OPTnote =      {},
 OPTannote =    {},
 where =        {E.21},
 OPTURL =       {http://www.imit.kth.se/~ingo/Papers/TCAD2004_SystemModeling.pdf}
}

@InProceedings{BjeCla1998,
 author =       {Per Bjesse and Koen Claessen and Mary Sheeran and Satnam Singh},
 title =        {Lava: Hardware Design in {Haskell}},
 booktitle =    {International Conference on Functional Programming},
 OPTcrossref =  {},
 OPTkey =       {},
 pages =        {174--184},
 year =         {1998},
 OPTeditor =    {},
 OPTvolume =    {},
 OPTnumber =    {},
 OPTseries =    {},
 address =      {Baltimore, Maryland, USA},
 month =        {September},
 OPTorganization = {},
 OPTpublisher = {},
 OPTnote =      {},
 OPTannote =    {}
}


@Article{BenBer1991,
  author = 	 {Albert Benveniste and GÃ©rard Berry},
  title = 	 {The Synchronous Approach to Reactive and Real-Time Systems},
  journal = 	 {Proceedings of the {IEEE}},
  year = 	 {1991},
  OPTkey = 	 {},
  volume = 	 {79},
  number = 	 {9},
  pages = 	 {1270-1282},
  month = 	 {September},
  OPTnote = 	 {},
  OPTannote = 	 {},
  where =        {A.1}
}

@Article{RauSan2008a,
  author = 	 {Tarvo Raudvere and Ingo Sander and Axel Jantsch},
  title = 	 {Application and Verification of Local Non-Semantic-Preserving Transformations in System Design},
  journal = 	 {{IEEE Transactions on Computer-Aided Design of Integrated Circuits and Systems}},
  year = 	 {2008},
  OPTkey = 	 {},
  volume = 	 {27},
  number = 	 {6},
  pages = 	 {1091--1103},
  month = 	 {June},
  note = 	 {},
  OPTannote = 	 {},
  OPTwhere = 	 {},
  OPTURL = 	 {}
}

@InProceedings{SanJan1999b,
  author = 	 {Ingo Sander and Axel Jantsch},
  title = 	 {System Synthesis Based on a Formal Computational Model and Skeletons},
  booktitle = 	 {Proceedings {IEEE} Workshop on {VLSI}'99},
  OPTcrossref =  {},
  OPTkey = 	 {},
  pages = 	 {32--39},
  year = 	 {1999},
  OPTeditor = 	 {},
  OPTvolume = 	 {},
  OPTnumber = 	 {},
  OPTseries = 	 {},
  address = 	 {Orlando, Florida, USA},
  month = 	 {April},
  OPTorganization = {},
  publisher = {{IEEE Computer Society}},
  OPTnote = 	 {},
  OPTannote = 	 {},
  where =        {B.10}
}
