
@misc{another,
  author = "T. Sheard",
  title = "Another look at hardware design languages: freeing ourselves from the tyranny of the host language",
  year = "2005",
  url = "citeseer.ist.psu.edu/claessen00tutorial.html" }


@PhdThesis{forsyde:thesis,
  author = 	 {Ingo Sander},
  title = 	 {System Modeling and Design Refinement in ForSyDe},
  school = 	 {Royal Institute of Technology, Sweden},
  year = 	 {2003},
  OPTkey = 	 {},
  OPTtype = 	 {},
  OPTaddress = 	 {},
  OPTmonth = 	 {},
  OPTnote = 	 {},
  OPTannote = 	 {}
}

@MastersThesis{forsyde:synthesis,
  author = 	 {Alfonso Acosta},
  title = 	 {Hardware synthesis in {F}or{S}y{D}e},
  school = 	 {School for Information and Communication Technology},
  year = 	 {2007},
  OPTkey = 	 {},
  OPTtype = 	 {},
  address = 	 {Royal Institute of Technology (KTH)},
  month = 	 {June},
  note = 	 {KTH/ICT/ECS-2007-81},
  OPTannote = 	 {}
}

